@article{heidt2000cubesat,
  title={CubeSat: A new generation of picosatellite for education and industry low-cost space experimentation},
  author={Heidt, Hank and Puig-Suari, Jordi and Moore, Augustus and Nakasuka, Shinichi and Twiggs, Robert},
  year={2000}
}

@article{reiss2012new,
    title={New Methodologies for the Thermal Modelling of CubeSats},
    author={Reiss, Philip},
    year={2012}
}

