@techreport{larson1992space,
  title={Space mission analysis and design},
  author={Larson, Wiley J and Wertz, James Richard},
  year={1992},
  institution={Microcosm, Inc., Torrance, CA (US)}
}

@article{woeller,
    title={Cubesats: Cost-effective science and technology platforms for emerging and developing nations},
    author={Woellert, Kirk and Ehrenfreund, Pascale and Ricco, Antonio J and Hertzfeld, Henry},
    journal={Advances in Space Research},
    volume={47},
    number={4},
    pages={663--684},
    year={2011},
    publisher={Elsevier}
}

@book{rycroft,
    title={Smaller Satellites: Bigger Business?: Concepts, Applications and Markets for Micro/Nanosatellites in a New Information World},
    author={Rycroft, Michael J and Crosby, Norma},
    volume={6},
    year={2013},
    publisher={Springer Science \& Business Media}
}

@article{heidt,
    title={CubeSat: A new generation of picosatellite for education and industry low-cost space experimentation},
    author={Heidt, Hank and Puig-Suari, Jordi and Moore, Augustus and Nakasuka, Shinichi and Twiggs, Robert},
    year={2000}
}

@article{straub,
    title={Cubesats: A low-cost, very high-return space technology},
    author={Straub, Jeremy},
    year={2012}
}